<?xml version="1.0" encoding="UTF-8"?><collection xmlns="http://www.loc.gov/MARC21/slim"><record><leader>00482nam--2200181-i-4500</leader><controlfield tag="001">000048388</controlfield><controlfield tag="002">20161230</controlfield><controlfield tag="005">20161230201047</controlfield><controlfield tag="008">060222s1000------------r-----000-0-rus-d</controlfield><datafield ind1=" " ind2=" " tag="040"><subfield code="a">IFIN-HH</subfield></datafield><datafield ind1=" " ind2=" " tag="041"><subfield code="a">rus</subfield></datafield><datafield ind1=" " ind2=" " tag="080"><subfield code="a">539.125.5.162</subfield></datafield><datafield ind1="1" ind2=" " tag="100"><subfield code="a">Abov, Iu.G</subfield></datafield><datafield ind1=" " ind2=" " tag="245"><subfield code="a">Poliarizovannie medlennie neitroni</subfield><subfield code="c">Iu.g. abov, a.d. gluko, p.a. krupcitkii</subfield></datafield><datafield ind1=" " ind2=" " tag="260"><subfield code="a">Moskva</subfield><subfield code="b">Atomizdat</subfield><subfield code="c">1966</subfield></datafield><datafield ind1="1" ind2=" " tag="700"><subfield code="a">Krupcitkii, P.A</subfield></datafield><datafield ind1=" " ind2=" " tag="852"><subfield code="a">25350</subfield><subfield code="c">539.12</subfield></datafield><datafield ind1=" " ind2=" " tag="CAT"><subfield code="a">Sys</subfield><subfield code="c">20111115</subfield><subfield code="h">142754</subfield></datafield></record></collection>